<?xml version="1.0" encoding="UTF-8"?><record xmlns="http://www.loc.gov/MARC21/slim" xmlns:cinclude="http://apache.org/cocoon/include/1.0" xmlns:zs="http://www.loc.gov/zing/srw/">
  <leader>00345nz  a2200121n  4500</leader>
  <controlfield tag="001">n  86010462 </controlfield>
  <controlfield tag="003">DLC</controlfield>
  <controlfield tag="005">19870321153037.1</controlfield>
  <controlfield tag="008">870211n| acannaab|          |n aaa |||  </controlfield>
  <datafield tag="010" ind1=" " ind2=" ">
    <subfield code="a">n  86010462 </subfield>
  </datafield>
  <datafield tag="040" ind1=" " ind2=" ">
    <subfield code="a">DLC</subfield>
    <subfield code="c">DLC</subfield>
    <subfield code="d">DLC</subfield>
  </datafield>
  <datafield tag="100" ind1="1" ind2="0">
    <subfield code="a">Pierce, Steve,</subfield>
    <subfield code="d">1941-</subfield>
  </datafield>
  <datafield tag="670" ind1=" " ind2=" ">
    <subfield code="a">His The lakes of Yellowstone, c1987:</subfield>
    <subfield code="b">CIP t.p. (Steve Pierce) data sh. (b. 9/1/41)</subfield>
  </datafield>
</record>